<?xml version="1.0" encoding="UTF-8"?><collection xmlns="http://www.loc.gov/MARC21/slim"><record><leader>00340nam--2200133-i-4500</leader><controlfield tag="001">000032366</controlfield><controlfield tag="002">20161230</controlfield><controlfield tag="005">20161230201039</controlfield><controlfield tag="008">060222s1000------------r-----000-0-eng-d</controlfield><datafield ind1=" " ind2=" " tag="100"><subfield code="a">Fourth I</subfield></datafield><datafield ind1=" " ind2=" " tag="260"><subfield code="a">Mecanical Engineers Handbook</subfield></datafield><datafield ind1=" " ind2=" " tag="490"><subfield code="a">New York, London, Mcgraw Hill Book.1941. Xx+2274p</subfield></datafield><datafield ind1=" " ind2=" " tag="700"><subfield code="a">Maiks, Lionel</subfield></datafield><datafield ind1=" " ind2=" " tag="852"><subfield code="a">531(021)</subfield></datafield></record></collection>